@phdthesis{lin1997robust,
  title={{Robust Automated Topic Identification}},
  author={Lin, Chin-Yew},
  year={1997},
  school={University of Southern California}
}

@misc{youTubeStats,
  author={YouTube},
  title={{Statistics - YouTube}},
  howpublished={\url{http://www.youtube.com/yt/press/statistics.html}},
  note = "[Online; accessed Sep-2015]"
}

@misc{youTubeAPI,
  author={Google},
  title={{YouTube API v2.0 â€“ API Query Parameters}},	
  howpublished={\url{https://developers.google.com/youtube/2.0/developers_guide_protocol_api_query_parameters}},
  note = "[Online; accessed Sep-2015]"
}
@misc{googleMission,
  author={Google},
  title={{Google Mission Statement}},	
  howpublished={\url{http://www.google.com/about/company/}},
  note = "[Online; accessed Sep-2015]"
}

@misc{howard2011,
  author={Philip N. Howard},
  title={{The Arab Spring's Cascading Effects}},
  howpublished={\url{http://www.psmag.com/navigation/politics-and-law/the-cascading-effects-of-the-arab-spring-28575/}},
  month="Feb",
  year={2011},
  note = "[Online; accessed Sep-2015]"
}

@book{baezaYates1999,
 author    = "Ricardo Baeza-Yates and Berthier Ribeiro-Neto",
 title     = "Modern Information Retrieval",
 publisher = "ACM Press",
 year      =  1999
}

@book{manning2008,
  title={{Introduction to Information Retrieval}},
  author={Manning, Christopher D and Raghavan, Prabhakar and Sch{\"u}tze, Hinrich},
  volume={1},
  year={2008},
  publisher={Cambridge University Press}
}


@book{houghtonDict,
  title={{The American Heritage College Dictionary}},
  author={Houghton Mifflin Company},
  year={1107},
  publisher={Houghton Mifflin},
 pages  = 1426

}

@inproceedings{wallach2009,
  title={{Rethinking LDA: Why Priors Matter}},
  author={Wallach, Hanna M and Mimno, David M and McCallum, Andrew},
  booktitle={Neural Information Processing Systems (NIPS)},
  volume={22},
  pages={1973--1981},
  year={2009}
}

@inproceedings{wallach2006,
  title={{Topic Modeling: Beyond Bag-of-words}},
  author={Wallach, Hanna M},
  booktitle={Proceedings of the 23rd international conference on Machine learning},
  pages={977--984},
  year={2006},
  organization={ACM}
}

@inproceedings{wallach2009evaluation,
  title={{Evaluation Methods for Topic Models}},
  author={Wallach, Hanna M and Murray, Iain and Salakhutdinov, Ruslan and Mimno, David},
  booktitle={Proceedings of the 26th Annual International Conference on Machine Learning (ICML) },
  pages={1105--1112},
  year={2009},
  organization={ACM}
}



% these two give the relationship between LDA and urn models
@misc{minka2000estimating,
  title={{Estimating a Dirichlet Distribution}},
  author={Minka, Thomas},
  year={2000}
}

@article{blackwell1973,
author = "Blackwell, David and MacQueen, James B.",
fjournal = "The Annals of Statistics",
journal = "Annals of Statistics",
month = "03",
number = "2",
pages = "353--355",
publisher = "The Institute of Mathematical Statistics",
title = "Ferguson Distributions Via Polya Urn Schemes",
volume = "1",
year = "1973"
}


@inproceedings{madsen2005modeling,
  title={{Modeling Word Burstiness using the Dirichlet Distribution}},
  author={Madsen, Rasmus E and Kauchak, David and Elkan, Charles},
  booktitle={Proceedings of the International Conference on Machine Learning (ICML) },
  pages={545--552},
  year={2005},
  organization={ACM}
}

@inproceedings{mimno2011optimizing,
  title={{Optimizing Semantic Coherence in Topic Models}},
  author={Mimno, David and Wallach, Hanna M and Talley, Edmund and Leenders, Miriam and McCallum, Andrew},
  booktitle={Proceedings of the Conference on Empirical Methods in Natural Language Processing (EMNLP) },
  pages={262--272},
  year={2011},
  organization={Association for Computational Linguistics}
}

@article{steyvers2007,
  title={{Probabilistic Topic Models}},
  author={Steyvers, Mark and Griffiths, Tom},
  journal={Handbook of Latent Semantic Analysis},
  volume={427},
  number={7},
  pages={424--440},
  year={2007}
}

@article{jordan1999,
  title={{An Introduction to Variational Methods for Graphical Models}},
  author={Jordan, Michael I and Ghahramani, Zoubin and Jaakkola, Tommi S and Saul, Lawrence K},
  journal={Machine learning},
  volume={37},
  number={2},
  pages={183--233},
  year={1999},
  publisher={Springer}
}

@article{blei2003latent,
  title={{Latent Dirichlet Allocation}},
  author={Blei, David M and Ng, Andrew Y and Jordan, Michael I},
  journal={the Journal of Machine Learning Research (JMLR) },
  volume={3},
  pages={993--1022},
  year={2003},
  publisher={JMLR. org}
}

@article{brooks1998markov,
  title={{Markov Chain Monte Carlo Method and its Application}},
  author={Brooks, Stephen},
  journal={Journal of the Royal Statistical Society: Series D (the Statistician)},
  volume={47},
  number={1},
  pages={69--100},
  year={1998},
  publisher={Wiley Online Library}
}

@article{metropolis1953equation,
  title={{Equation of State Calculations by Fast Computing Machines}},
  author={Metropolis, Nicholas and Rosenbluth, Arianna W and Rosenbluth, Marshall N and Teller, Augusta H and Teller, Edward},
  journal={The journal of Chemical Physics},
  volume={21},
  number={6},
  pages={1087--1092},
  year={1953},
  publisher={AIP Publishing}
}

@article{hastings1970monte,
  title={{Monte Carlo Sampling Methods using Markov Chains and their Applications}},
  author={Hastings, W Keith},
  journal={Biometrika},
  volume={57},
  number={1},
  pages={97--109},
  year={1970},
  publisher={Biometrika Trust}
}

@article{roberts1994,
  title={{Simple Conditions for the Convergence of the Gibbs Sampler and Metropolis-Hastings Algorithms}},
  author={Roberts, Gareth O and Smith, Adrian FM},
  journal={Stochastic processes and their applications},
  volume={49},
  number={2},
  pages={207--216},
  year={1994},
  publisher={Elsevier}
}

@incollection{dellaportas2003introduction,
  title={{An Introduction to MCMC}},
  author={Dellaportas, Petros and Roberts, Gareth O},
  booktitle={Spatial statistics and computational methods},
  pages={1--41},
  year={2003},
  publisher={Springer}
}

@inproceedings{hoffman2010online,
  title={{Online Learning for Latent Dirichlet Allocation}},
  author={Hoffman, Matthew and Bach, Francis R and Blei, David M},
  booktitle={{Advances in Neural Information Processing Systems (NIPS) }},
  pages={856--864},
  year={2010}
}


@article{goldwater2006interpolating,
  title={{Interpolating between Types and Tokens by Estimating Power-law Generators}},
  author={Goldwater, Sharon and Griffiths, Tom and Johnson, Mark},
  journal={Advances in Neural Information Processing Systems (NIPS)},
  volume={18},
  pages={459},
  year={2006},
  publisher={MIT}
}
@inproceedings{teh2006,
  title={{A Hierarchical Bayesian Language Model based on Pitman-Yor processes}},
  author={Teh, Yee Whye},
  booktitle={Proceedings of the 21st International Conference on Computational Linguistics and the 44th annual meeting of the Association for Computational Linguistics},
  pages={985--992},
  year={2006},
  organization={Association for Computational Linguistics}
}

@inproceedings{griffiths2004hierarchical,
  title={{Hierarchical Topic Models and the Nested Chinese Restaurant Process}},
  author={Griffiths, Thomas L and Jordan, Michael I and Tenenbaum, Joshua B and Blei, David M},
  booktitle={Advances in Neural Information Processing Systems (NIPS) },
  pages={17--24},
  year={2004}
}



@article{goldwater2011,
  title={{Producing Power-law Distributions and Damping Word Frequencies with Two-stage Language Models}},
  author={Goldwater, Sharon and Griffiths, Thomas L and Johnson, Mark},
  journal={The Journal of Machine Learning Research (JMLR) },
  volume={12},
  pages={2335--2382},
  year={2011},
  publisher={JMLR. org}
}


@incollection{teh2010dirichlet,
  title={{Dirichlet Process}},
  author={Teh, Yee Whye},
  booktitle={Encyclopedia of Machine Learning},
  pages={280--287},
  year={2010},
  publisher={Springer}
}


@inproceedings{fox2008hdp,
  title={{An HDP-HMM for Systems with State Persistence}},
  author={Fox, Emily B and Sudderth, Erik B and Jordan, Michael I and Willsky, Alan S},
  booktitle={Proceedings of the International Conference on Machine Learning (ICML) },
  pages={312--319},
  year={2008},
  organization={ACM}
}

@inproceedings{jelinek1991dynamic,
  title={{A Dynamic Language Model for Speech Recognition}},
  author={Jelinek, Frederick and Merialdo, Bernard and Roukos, Salim and Strauss, Martin},
  booktitle={HLT},
  volume={91},
  pages={293--295},
  year={1991}
}

@phdthesis{rosenfeld1994,
  title={{Adaptive Statistical Language Modeling: A Maximum Entropy Approach}},
  author={Rosenfeld, Ronald},
  year={1994},
  school={CMU}
}


@inproceedings{blei2003hierarchical,
  title={{Hierarchical Topic Models and the Nested Chinese Restaurant Process}},
  author={Blei, David M and Griffiths, Thomas L and Jordan, Michael I and Tenenbaum, Joshua B},
  booktitle={Neural Information Processing Systems (NIPS)},
  year={2003}
}

@article{blei2011distance,
  title={{Distance Dependent Chinese Restaurant Processes}},
  author={Blei, David M and Frazier, Peter I},
  journal={The Journal of Machine Learning Research},
  volume={12},
  pages={2461--2488},
  year={2011},
  publisher={JMLR. org}
}

@misc{std06eval,
  author = {NIST},
  title = {{The Spoken Term Detection (STD) 2006 Evaluation Plan}},
  howpublished = "\path{http://www.itl.nist.gov/iad/mig/tests/std/2006/docs/std06-evalplan-v10.pdf}",
  year = {2006}, 
  note = "[Online; accessed Sep-2015]"
}

@inproceedings{fiscus2007,
  title={{Results of the 2006 Spoken Term Detection Evaluation}},
  author={Fiscus, Jonathan G and Ajot, Jerome and Garofolo, John S and Doddingtion, George},
  booktitle={Proc. SIGIR},
  pages={51--57},
  year={2007}
}


@inproceedings{chen2009,
  title={{Latent Topic Modelling of Word Co-occurence Information for Spoken Document Retrieval}},
  author={Chen, Berlin},
  booktitle={Proc. of IEEE International Conference on Acoustics, Speech and Signal Processing (ICASSP)},
  pages={3961--3964},
  year={2009},
  organization={IEEE}
}

@inproceedings{jansen2011,
  title={{Efficient Spoken Term Discovery Using Randomized Algorithms}},
  author={Jansen, Aren and Van Durme, Benjamin},
  booktitle={Proc. of IEEE Workshop on Automatic Speech Recognition and Understanding (ASRU)},
  pages={401--406},
  year={2011},
  organization={IEEE}
}



@inproceedings{liu2008,
  title={{Unsupervised Language Model Adaptation via Topic Modeling Based on Named Entity Hypotheses}},
  author={Liu, Yang and Liu, Feifan},
  booktitle={Proc. of IEEE International Conference on Acoustics, Speech and Signal Processing (ICASSP)},
  pages={4921--4924},
  year={2008},
  organization={IEEE}
}

@inproceedings{hsu2006,
  title={{Style \& Topic Language Model Adaptation using HMM-LDA}},
  author={Hsu, Bo-June Paul and Glass, James},
  booktitle={Proc. of the Conference on Empirical Methods in Natural Language Processing (EMNLP) },
  pages={373--381},
  year={2006},
  organization={Association for Computational Linguistics}
}

@inproceedings{heidel2007language,
  title={{Language Model Adaptation using Latent Dirichlet Allocation and an Efficient Topic Inference Algorithm}},
  author={Heidel, Aaron and Chang, Hung-an and Lee, Lin-shan},
  booktitle={Proc. of Interspeech},
  year={2007}
}



@article{naptali2012,
  title={{Topic-Dependent-Class-Based N-Gram Language Model}},
  author={Naptali, Welly and Tsuchiya, Masatoshi and Nakagawa, Seiichi},
  journal={IEEE Transactions on Audio, Speech, and Language Processing},
  volume={20},
  number={5},
  pages={1513--1525},
  year={2012},
  publisher={IEEE}
}

@unpublished{Mallet,
      author = "Andrew Kachites McCallum",
      title = {{MALLET: A Machine Learning for Language Toolkit}},
      note = "\path{http://mallet.cs.umass.edu}",
      year = 2002}

@inproceedings{wei2006lda,
  title={{LDA-based Document Models for Ad-hoc Retrieval}},
  author={Wei, Xing and Croft, W Bruce},
  booktitle={Proceedings of the 29th annual international ACM SIGIR conference on Research and development in information retrieval},
  pages={178--185},
  year={2006},
  organization={ACM}
}

@article{hofmann2001,
  title={{Unsupervised Learning by Probabilistic Latent Semantic Analysis}},
  author={Hofmann, Thomas},
  journal={Machine Learning},
  volume={42},
  number={1},
  pages={177--196},
  year={2001},
  publisher={Springer}
}

@article{trec2000,
  title={{The TREC Spoken Document Retrieval Track: A success story}},
  author={Garofolo, John S and Auzanne, Cedric GP and Voorhees, Ellen M},
  journal={NIST Special Publication SP},
  number={246},
  pages={107--130},
  year={2000},
  publisher={NIST}
}

@article{cardillo2002,
  title={{Phonetic searching vs. LVCSR: How to find what you really want in audio archives}},
  author={Cardillo, Peter S and Clements, Mark and Miller, Michael S},
  journal={International Journal of Speech Technology},
  volume={5},
  number={1},
  pages={9--22},
  year={2002},
  publisher={Springer}
}

@article{church1993dotplot,
  title={{Dotplot: A Program for Exploring Self-similarity in Millions of Lines of Text and Code}},
  author={Church, Kenneth Ward and Helfman, Jonathan Isaac},
  journal={Journal of Computational and Graphical Statistics},
  volume={2},
  number={2},
  pages={153--174},
  year={1993},
  publisher={Taylor \& Francis}
}
% http://www.cs.jhu.edu/~kchurch/wwwfiles/dotplot.ps


@inproceedings{wintrode2011,
author={Wintrode, Jonathan},
  booktitle={Proc. of IEEE International Conference on Acoustics, Speech and Signal Processing (ICASSP)},
    title={{Using Latent Topic Features to Improve Binary Classification of Spoken Documents}},
year={2011},
pages={5544-5547}
}

@inproceedings{wintrode2009,
  title={{Techniques for Rapid and Robust Topic Identification of Conversational Telephone Speech}},
  author={Wintrode, Jonathan and Kulp, Scott},
  booktitle={Proc. of Interspeech},
  year={2009}
}

@inproceedings{yang1997,
    author = {Yiming Yang and Jan O. Pedersen},
    title = {{A Comparative Study on Feature Selection in Text Categorization}},
    booktitle = {Proc. of the International Conference on Machine Learning (ICML) },
    year = {1997},
    pages = {412--420},
}

@inproceedings{dredze2010,
  title={{NLP on Spoken Documents Without ASR}},
  author={Dredze, Mark and Jansen, Aren and Coppersmith, Glen and Church, Ken},
  booktitle={Proc. of the Conference on Empirical Methods in Natural Language Processing (EMNLP)},
  pages={460--470},
  year={2010},
  organization={Association for Computational Linguistics}
}

@inproceedings{hazen2007,
  title={{Topic Identification from Audio Recordings Using Word and Phone Recognition Lattices}},
  author={Hazen, Timothy J and Richardson, Fred and Margolis, Anna},
  booktitle={Proc. of IEEE Workshop on  Automatic Speech Recognition and Understanding (ASRU)},
  pages={659--664},
  year={2007},
  organization={IEEE}
}


@misc{babel,
  author={Mary Harper},
  title={{IARPA Solicitation IARPA-BAA-11-02}},
  howpublished={\path{http://www.iarpa.gov/solicitations_babel.html}},
  year={2011},
  note = "[Online; accessed Sep-2015]"
}

@misc{openKWS13,
  author={NIST},
  title={{OpenKWS13 Evaluation}},
  howpublished={\path{http://www.nist.gov/itl/iad/mig/openkws13.cfm}},
  year={2013},
  note = "[Online; accessed Sep-2015]"
}


@misc{openKWS14,
  author={NIST},
  title={{OpenKWS14 Evaluation}},
  howpublished={\path{http://www.nist.gov/itl/iad/mig/openkws14.cfm}},
  year={2014},
  note = "[Online; accessed Sep-2015]"
}


@inproceedings{mcdonough1994approaches,
  title={{Approaches to Topic Identification on the Switchboard Corpus}},
  author={McDonough, J and Ng, K and Jeanrenaud, P and Gish, H and Rohlicek, JR},
  booktitle={Proc. of IEEE International Conference on Acoustics, Speech and Signal Processing (ICASSP)},
  volume={1},
  pages={I--385},
  year={1994},
  organization={IEEE}
}


@inproceedings{peskin1996improvements,
  title={{Improvements in Switchboard Recognition and Topic Identification}},
  author={Peskin, B and others},
  booktitle={Proc. of IEEE International Conference on Acoustics, Speech and Signal Processing (ICASSP)},
  pages={303--306},
  year={1996},
  organization={IEEE}
}
% refs/peskin_switchboard.pdf

@article{natarajan2007finding,
  title={{Finding Structure in Noisy Text: Topic Classification and Unsupervised Clustering}},
  author={Natarajan, Prem and Prasad, Rohit and Subramanian, Krishna and Saleem, Shirin and Choi, Fred and Schwartz, Rich},
  journal={International Journal of Document Analysis and Recognition (IJDAR)},
  volume={10},
  number={3-4},
  pages={187--198},
  year={2007},
  publisher={Springer}
}

@phdthesis{sandsmark2012spoken,
  title={{Spoken Document Classification of Broadcast News}},
  author={Sandsmark, H{\aa}kon},
  year={2012},
  school={Norwegian University of Science and Technology}
}

@article{Ries2000,
  author       = "Ries and Levin and Valle and Lavie and Waibel",
  title        = {{Shallow Discourse Genre Annotation in CallHome Spanish}},
  year         = "2000",
  journal      = "Proceedings of the Second International Conference On Language Resources And Evaluation",
  address      = "Athens, Greece"
}

@inproceedings{cieri2004,
  title={{The Fisher Corpus: a Resource for the Next Generations of Speech-to-text}},
  author={Cieri, Christopher and Miller, David and Walker, Kevin},
  booktitle={Proceedings of LREC},
  pages={69--71},
  year={2004}
}


%http://www.ldc.upenn.edu/Catalog/CatalogEntry.jsp?catalogId=LDC2010T04
@misc{ldc2010,
  author        = {David Graff et al.},
  title         = {Fisher {S}panish - {T}ranscripts},
  year          = {2010},
  organization  = {Linguistic Data Consortium},
  howpublished={\path{http://catalog.ldc.upenn.edu/LDC2010T04}},
}

@misc{callhome,
  author        = {Barbara Wheatley},
  title         = {CALLHOME {S}panish {T}ranscripts},
  year          = {1996},
  organization  = {Linguistic Data Consortium},
  howpublished={\path{https://catalog.ldc.upenn.edu/LDC96T17}},
}
%  url  = "\url{http://www.ldc.upenn.edu/Catalog/CatalogEntry.jsp?catalogId=LDC2010T04}",


@inproceedings{godfrey1992,
  title={{SWITCHBOARD: Telephone speech Corpus for Research and Development}},
  author={Godfrey, John J and Holliman, Edward C and McDaniel, Jane},
  booktitle={Proc. of IEEE International Conference on Acoustics, Speech and Signal Processing (ICASSP)},
  pages={517--520},
  year={1992},
  organization={IEEE}
}

@article{clavel2012spontaneous,
  title={{Spontaneous Speech and Opinion Detection: Mining Call-centre Transcripts}},
  author={Clavel, Chlo{\'e} and Adda, Gilles and Cailliau, Frederik and Garnier-Rizet, Martine and Cavet, Ariane and Chapuis, G{\'e}raldine and Courcinous, Sandrine and Danesi, Charlotte and Daquo, Anne-Laure and Deldossi, Myrtille and others},
  journal={Language Resources and Evaluation},
  pages={1--37},
  year={2012},
  publisher={Springer}
}

@inproceedings{gish2009unsupervised,
  title={{Unsupervised Training of an HMM-based Speech Recognizer for Topic Classification}},
  author={Gish, Herbert and Siu, Manhung and Chan, Arthur and Belfield, William},
  booktitle={Proc. of Interspeech},
  pages={1935--1938},
  year={2009}
}

@article{siu2013,
  title={{Unsupervised Training of an HMM-based Self-Organizing Unit Recognizer with Applications to Topic Classification and Keyword Discovery}},
  author={Siu, Manhung and Gish, Herbert and Chan, Arthur and Belfield, William and Lowe, Steve},
  journal={Computer Speech \& Language},
  year={2013},
  publisher={Elsevier}
}


@inproceedings{jansen2010,
  title={{Towards Spoken Term Discovery at Scale with Zero Resources}},
  author={Jansen, Aren and Church, Kenneth and Hermansky, Hynek},
  booktitle={Proc. of Interspeech},
  pages={1676--1679},
  year={2010}
}

@article{hazen2011,
  title={{Topic Identification}},
  author={Hazen, Timothy J},
  journal={Spoken Language Understanding: Systems for Extracting Semantic Information from Speech},
  pages={319--356},
  year={2011},
  publisher={John Wiley \& Sons, Ltd}
}


@article{sebastiani2002,
 author = {Sebastiani, Fabrizio},
 title = {{Machine Learning in Automated Text Categorization}},
 journal = {ACM Computing Surveys},
 issue_date = {March 2002},
 volume = {34},
 number = {1},
 month = mar,
 year = {2002},
 pages = {1--47},
} 

@inproceedings{rennie2003,
  title={{Tackling the Poor Assumptions of Naive Bayes Text Classifiers}},
  author={Rennie, Jason D and Shih, Lawrence and Teevan, Jaime and Karger, David R and others},
  booktitle={{Proc. of the International Conference on Machine Learning (ICML)}},
  year={2003},
}

@inproceedings{mccallum1998,
  title={{A Comparison of Event Models for Naive Bayes Text Classification}},
  author={McCallum, Andrew and Nigam, Kamal and others},
  booktitle={{AAAI-98 Workshop on Learning for Text Categorization}},
  pages={41--48},
  year={1998}
}

@inproceedings{chen2013,
  title={{Quantifying the Value of Pronunciation Lexicons for Keyword Search in Low Resource Languages}},
  author={Chen, Guoguo and Khudanpur, Sanjeev and Povey, Daniel and Trmal, Jan and Yarowsky, David and Yilmaz, Oguz},
  booktitle={Proc. of IEEE International Conference on Acoustics, Speech and Signal Processing (ICASSP)},
  year={2013}
}

@inproceedings{szoke2005,
  title={{Comparison of Keyword Spotting Approaches for Informal Continuous Speech}},
  author={Szoke, Igor and Schwarz, Petr and Matejka, Pavel and Burget, Lukas and Karafi{\'a}t, Martin and Fapso, Michal and Cernocky, Jan},
  booktitle={Proc. of Joint Workshop on Multimodal Interaction and Related Machine Learning Algorithms},
  year={2005}
}

@inproceedings{vesely2013,
  title={{Sequence-discriminative Training of Deep Neural Networks}},
  author={Vesel{\`y}, Karel and Ghoshal, Arnab and Burget, Luk{\'a}{\v{s}} and Povey, Daniel},
  year={2013},
  booktitle={Proc. of Interspeech}
}

@inproceedings{povey2010,
  title={{Subspace Gaussian Mixture Models for Speech Recognition}},
  author={Povey, Daniel and Burget, Lukas and Agarwal, Mohit and Akyazi, Pinar and Feng, Kai and Ghoshal, Arnab and Glembek, Ondrej and Goel, Nagendra K and Karafi{\'a}t, Martin and Rastrow, Ariya and others},
  booktitle={Proc. of IEEE International Conference on Acoustics, Speech and Signal Processing (ICASSP)},
  pages={4330--4333},
  year={2010},
  organization={IEEE}
}

@inproceedings{wintrode2013,
  title={{Leveraging Locality for Topic Identification of Conversational Speech}},
  author={Wintrode, Jonathan},
  booktitle={Proc. of Interspeech},
  year={2013}
}

@inproceedings{hazen2008,
  title={{Discriminative Feature Weighting using MCE Training for Topic Identification of Spoken Audio Recordings}},
  author={Hazen, Timothy J and Margolis, Anna},
  booktitle={Proc. of IEEE International Conference on Acoustics, Speech and Signal Processing (ICASSP)},
  pages={4965--4968},
  year={2008},
}

%http://people.csail.mit.edu/hazen//publications/ICASSP08.pdf

@inproceedings{kaldi,
  title={{The Kaldi Speech Recognition Roolkit}},
  author={Povey, Daniel and Ghoshal, Arnab and Boulianne, Gilles and Burget, Lukas and Glembek, Ondrej and Goel, Nagendra and Hannemann, Mirko and Motlicek, Petr and Qian, Yanmin and Schwarz, Petr and others},
  booktitle={Proc. of IEEE Workshop on Automatic Speech Recognition and Understanding (ASRU) },
  year={2011}
}

@inproceedings{srilm,
  title={{SRILM -- An Extensible Language Modeling Toolkit}},
  author={Stolcke, Andreas},
  booktitle={Proc. of the International Conference on Spoken Language Processing},
  year={2002}
}

%(e.g., Blei, Ng, & Jordan, 2003; Griffiths & Steyvers, 2002; 2003; 2004; Hofmann, 1999; 2001)


@inproceedings{ponte1998,
  title={{A Language Modeling Approach to Information Retrieval}},
  author={Ponte, Jay M and Croft, W Bruce},
  booktitle={Proceedings of the International ACM SIGIR conference on Research and Development in Information Retrieval},
  pages={275--281},
  year={1998},
  organization={ACM}
}


@article{naptali2012,
  title={{Topic-Dependent Class-Based N-Gram Language Model}},
  author={Naptali, Welly and Tsuchiya, Masatoshi and Nakagawa, Seiichi},
  journal={IEEE transactions on Audio, Speech, and Language Processing},
  volume={20},
  number={5},
  pages={1513--1525},
  year={2012},
  publisher={IEEE}
}

@article{cardillo2002,
  title={{Phonetic searching vs. LVCSR: How to find what you really want in audio archives}},
  author={Cardillo, Peter S and Clements, Mark and Miller, Michael S},
  journal={International Journal of Speech Technology},
  volume={5},
  number={1},
  pages={9--22},
  year={2002},
  publisher={Springer}
}

@inproceedings{khudanpur1999,
  title={{A Maximum Entropy Language Model Integrating N-grams and Topic Dependencies for Conversational Speech Recognition}},
  author={Khudanpur, Sanjeev and Wu, Jun},
  booktitle={Proc. of IEEE International Conference on Acoustics, Speech and Signal Processing (ICASSP)},
  volume={1},
  pages={553--556},
  year={1999},
  organization={IEEE}
}

@article{church1995poisson,
  title={{Poisson Mixtures}},
  author={Church, Kenneth Ward and Gale, William A},
  journal={Natural Language Engineering},
  volume={1},
  number={2},
  pages={163--190},
  year={1995},
  publisher={Cambridge Univ Press}
}

@incollection{church1999,
  title={{Inverse Document Frequency (IDF): A Measure of Deviations from Poisson}},
  author={Church, Kenneth and Gale, William},
  booktitle={Natural language processing using very large corpora},
  pages={283--295},
  year={1999},
  publisher={Springer}
}



@article{katz1996,
  title={{Distribution of Content Words and Phrases in Text and Language Modelling}},
  author={Katz, Slava M},
  journal={Natural Language Engineering},
  volume={2},
  number={1},
  pages={15--59},
  year={1996},
  publisher={Cambridge Univ Press}
}

@inproceedings{church2000,
  title={{Empirical Estimates of Adaptation: the Chance of Two Noriegas is Closer to $p/2$ than $p^2$}},
  author={Church, Kenneth W},
  booktitle={Proceedings of the 18th conference on Computational Linguistics},
  pages={180--186},
  volume={1},
  year={2000},
  organization={Association for Computational Linguistics}
}

@book{Jelinek1997,
  title={{Statistical Methods for Speech Recognition}},
  author={Fred Jelinek},
  year={1997},
  publisher={MIT press}
}

@inproceedings{florian1999,
  title={{Dynamic Nonlocal Language Modeling via Hierarchical Topic-based Adaptation}},
  author={Florian, Radu and Yarowsky, David},
  booktitle={Proceedings of the 37th annual meeting of the Association for Computational Linguistics on Computational Linguistics},
  pages={167--174},
  year={1999},
  organization={Association for Computational Linguistics}
}

@article{kuhn1990,
  title={{A Cache-based Natural Language Model for Speech Recognition}},
  author={Kuhn, Roland and De Mori, Renato},
  journal={Pattern Analysis and Machine Intelligence, IEEE Transactions on},
  volume={12},
  number={6},
  pages={570--583},
  year={1990},
  publisher={IEEE}
}

@inproceedings{jelinek1991	,
  title={{A Dynamic Language Model for Speech Recognition}},
  author={Jelinek, Frederick and Merialdo, Bernard and Roukos, Salim and Strauss, Martin},
  booktitle={HLT},
  volume={91},
  pages={293--295},
  year={1991}
}



@inproceedings{kneser1993,
  title={{On the Dynamic Adaptation of Stochastic Language Models}},
  author={Kneser, Reinhard and Steinbiss, Volker},
  booktitle={Proc. of IEEE International Conference on Acoustics, Speech and Signal Processing (ICASSP)},
  volume={2},
  pages={586--589},
  year={1993},
  organization={IEEE}
}



@inproceedings{wintrode2014,
author={Wintrode, Jonathan},
booktitle={Proc. of IEEE International Conference on Acoustics, Speech and Signal Processing (ICASSP)}, 
title={{Limited Resource Term Detection For Effective Topic Identification of Speech}},
year={2014},

}

@inproceedings{wintrode2014repetition,
author={Wintrode, Jonathan},
booktitle={Proc. of ACL}, 
title={{Can you repeat that? Using Word Repetition to Improve Spoken Term Detection}},
year={2014},
}


@inproceedings{wintrode2014slta,
author={Wintrode, Jonathan and Khudanpur Sanjeev},
booktitle={Proc. of IEEE Spoken Language Technology Workshop}, 
title={{Combining Local and Broad Topic Context to Improve Term Detection}},
year={2014},

}


@inproceedings{wintrode2015recommender,
author={Wintrode, Jonathan and Sell, Gregory and  Jansen, Aren and Fox, Michelle
and Garcia-Romero Daniel and McCree, Alan}, 
booktitle={Proc. of IEEE International Confernce on Acoustics, Speech and Signal Processing (ICASSP)}, 
title={{Content-Based Recommender Systems for Spoken Documents}}, 
year={2015},
}


@inproceedings{may2015,
author={May, Chandler and others}, 
booktitle={Proc. of the Conference on Empirical Methods in Natural Language Processing (EMNLP)},
title={{Topic Identification and Discovery on Text and Speech}}, 
year={2015},
}

@inproceedings{morchid2013theme,
  title={{Theme Identification in Telephone Service Conversations using Quaternions of Speech Features}},
  author={Morchid, Mohamed and Linares, Georges and El-Beze, Marc and De Mori, Renato},
  booktitle={Proc. of Interspeech},
  year={2013}
}

@techreport{wu2002,
  title={{Maximum Entropy Language Modeling with Non-Local and Syntactic Dependencies}},
  author={Wu, Jun},
  publisher={Johns Hopkins University}
}
% hopkins technicak 

@inproceedings{huang2008unsupervised,
  title={{Unsupervised Language Model Adaptation Based on Topic and Role Information in Multiparty Meetings}},
  author={Huang, Songfang and Renals, Steve},
  booktitle={Proc. of Interspeech},
  year={2008}
}


% SEGMENTATION

@article{hearst1997,
  title={{TextTiling: Segmenting Text into Multi-paragraph Subtopic Passages}},
  author={Hearst, Marti A},
  journal={Computational linguistics},
  volume={23},
  number={1},
  pages={33--64},
  year={1997},
  publisher={MIT Press}
}

@inproceedings{choi2000,
  title={{Advances in Domain Independent Linear Text Segmentation}},
  author={Choi, Freddy YY},
  booktitle={North American chapter of the Association for Computational Linguistics conference},
  pages={26--33},
  year={2000},
  organization={Association for Computational Linguistics}
}

@inproceedings{cieri1999tdt,
  title={{The TDT-2 text and speech corpus}},
  author={Cieri, Chris and Graff, David and Liberman, Mark and Martey, Nii and Strassel, Stephanie et al.},
  booktitle={Proceedings of the DARPA Broadcast News workshop},
  pages={57--60},
  year={1999}
}

@inproceedings{mohri2010,
  title={{Discriminative Topic Segmentation of Text and Speech}},
  author={Mohri, Mehryar and Moreno, Pedro and Weinstein, Eugene},
  booktitle={International Conference on Artificial Intelligence and Statistics},
  pages={533--540},
  year={2010}
}

@inproceedings{gruber2007,
  title={{Hidden Topic Markov Models}},
  author={Gruber, Amit and Weiss, Yair and Rosen-Zvi, Michal},
  booktitle={International Conference on Artificial Intelligence and Statistics},
  pages={163--170},
  year={2007}
}

@inproceedings{reynar1999,
  title={{Statistical Models for Topic Segmentation}},
  author={Reynar, Jeffrey C},
  booktitle={Proceedings of the 37th annual meeting of the Association for Computational Linguistics on Computational Linguistics},
  pages={357--364},
  year={1999},
  organization={Association for Computational Linguistics}
}

@inproceedings{du2013topic,
  title={{Topic Segmentation with a Structured Topic Model}},
  author={Du, Lan and Buntine, Wray and Johnson, Mark},
  booktitle={Proceedings of NAACL-HLT},
  pages={190--200},
  year={2013}
}


% segmentation to improve IR
@inproceedings{bawa2003sets,
  title={{SETS: Search Enhanced by Topic Segmentation}},
  author={Bawa, Mayank and Manku, Gurmeet Singh and Raghavan, Prabhakar},
  booktitle={Proceedings of the 26th annual international ACM SIGIR conference on Research and development in information retrieval},
  pages={306--313},
  year={2003},
  organization={ACM}
}

@inproceedings{nguyen2012sits,
  title={{SITS: A Hierarchical Nonparametric Model using Speaker Identity for Topic Segmentation in Multiparty Conversations}},
  author={Nguyen, Viet-An and Boyd-Graber, Jordan and Resnik, Philip},
  booktitle={Proceedings of the 50th Annual Meeting of the Association for Computational Linguistics: Long Papers-Volume 1},
  pages={78--87},
  year={2012},
  organization={Association for Computational Linguistics}
}

@article{tur2001integrating,
  title={{Integrating Prosodic and Lexical Cues for Automatic Topic Segmentation}},
  author={T{\"u}r, G{\"o}khan and Hakkani-T{\"u}r, Dilek and Stolcke, Andreas and Shriberg, Elizabeth},
  journal={Computational linguistics},
  volume={27},
  number={1},
  pages={31--57},
  year={2001},
  publisher={MIT Press}
}

@article{shriberg2000prosody,
  title={{Prosody-based Automatic Segmentation of Speech into Sentences and Topics}},
  author={Shriberg, Elizabeth and Stolcke, Andreas and Hakkani-T{\"u}r, Dilek and T{\"u}r, G{\"o}khan},
  journal={Speech Communication},
  volume={32},
  number={1},
  pages={127--154},
  year={2000},
  publisher={Elsevier}
}

@inproceedings{purver2006unsupervised,
  title={{Unsupervised Topic Modeling for Multi-party Spoken Discourse}},
  author={Purver, Matthew and Griffiths, Thomas L and K{\"o}rding, Konrad P and Tenenbaum, Joshua B},
  booktitle={Proceedings of the 21st International Conference on Computational Linguistics and the 44th annual meeting of the Association for Computational Linguistics},
  pages={17--24},
  year={2006},
  organization={Association for Computational Linguistics}
}

@inproceedings{janin2003icsi,
  title={{The ICSI Meeting Corpus}},
  author={Janin, Adam and Baron, Don and Edwards, Jane and Ellis, Dan and Gelbart, David and Morgan, Nelson and Peskin, Barbara and Pfau, Thilo and Shriberg, Elizabeth and Stolcke, Andreas and others},
  booktitle={Proc. of IEEE  International Conference on Acoustics, Speech, and Signal Processing (ICASSP) },
  volume={1},
  pages={I--364},
  year={2003},
  organization={IEEE}
}

% subdocuments and retrieval

@inproceedings{hearst1993subtopic,
  title={{Subtopic Structuring for Full-length Document Access}},
  author={Hearst, Marti A and Plaunt, Christian},
  booktitle={Proceedings of the International ACM SIGIR Conference on Research and Development in Information Retrieval},
  pages={59--68},
  year={1993},
  organization={ACM}
}

@inproceedings{ganguly2011utilizing,
  title={{Utilizing Sub-topical Structure of Documents for Information Retrieval}},
  author={Ganguly, Debasis and Leveling, Johannes and Jones, Gareth JF},
  booktitle={Workshop for Ph. D. students in information \& knowledge management},
  pages={75--78},
  year={2011},
  organization={ACM}
}


@inproceedings{schutze2006performance,
  title={{Performance Thresholding in Practical Text Classification}},
  author={Sch{\"u}tze, Hinrich and Velipasaoglu, Emre and Pedersen, Jan O},
  booktitle={Proceedings of the 15th ACM international conference on Information and knowledge management},
  pages={662--671},
  year={2006},
  organization={ACM}
}

@inproceedings{liu2004cluster,
  title={{Cluster-based Retrieval using Language Models}},
  author={Liu, Xiaoyong and Croft, W Bruce},
  booktitle={Proceedings of the 27th annual international ACM SIGIR conference on Research and development in information retrieval},
  pages={186--193},
  year={2004},
  organization={ACM}
}

@inproceedings{chen1996empirical,
  title={{An Empirical Study of Smoothing Techniques for Language Modeling}},
  author={Chen, Stanley F and Goodman, Joshua},
  booktitle={Proceedings of the 34th annual meeting on Association for Computational Linguistics},
  pages={310--318},
  year={1996},
  organization={Association for Computational Linguistics}
}

@misc{korsos2011gibbs,
  title={{Gibbs Sampling for n-Gram Latent Dirichlet Allocation}},
  author={Korsos, Laszlo F and Taddy, Matt},
  year={2011},
  howpublished={\url{http://home.uchicago.edu/~lkorsos/GibbsNGramLDA.pdf}},
  note = "[Online; accessed Sep-2015]"
}


@article{blei2011distance,
  title={{Distance Dependent Chinese Restaurant Processes}},
  author={Blei, David M and Frazier, Peter I},
  journal={The Journal of Machine Learning Research},
  volume={12},
  pages={2461--2488},
  year={2011},
  publisher={JMLR. org}
}

@inproceedings{wang2007topical,
  title={{Topical N-grams: Phrase and Topic Discovery, with an Application to Information Retrieval}},
  author={Wang, Xuerui and McCallum, Andrew and Wei, Xing},
  booktitle={Proc. of IEEE International Conference on Data Mining},
  pages={697--702},
  year={2007},
  organization={IEEE}
}

@inproceedings{clarkson1997,
   title={{Language Model Adaptation using Mixtures and an Exponentially Decaying Cache}},
   author={Clarkson, Philip R and Robinson, Anthony J},
  booktitle={Proc. of IEEE  International Conference on Acoustics, Speech, and Signal Processing (ICASSP) },
   volume={2},
   pages={799--802},
   year={1997},
   organization={IEEE}
 }


% ke zhai
% inverse relationship between semantic similarity and contextual discrimination - semantically simiilar words occur in similar context
@article{miller1991contextual,
  title={{Contextual Correlates of Semantic Similarity}},
  author={Miller, George A and Charles, Walter G},
  journal={Language and cognitive processes},
  volume={6},
  number={1},
  pages={1--28},
  year={1991},
  publisher={Taylor \& Francis}
}


@inproceedings{carlin2011,
  title={{Rapid Evaluation of Speech Representations for Spoken Term Discovery}},
  author={Carlin, Michael A and Thomas, Samuel and Jansen, Aren and Hermansky, Hynek},
  booktitle={Proc. of Interspeech},
  pages={821--824},
  year={2011}
}

@article{lewis2004,
  title={{RCV1: A New Benchmark Collection for Text Categorization Research}},
  author={Lewis, David D and Yang, Yiming and Rose, Tony G and Li, Fan},
  journal={The Journal of Machine Learning Research},
  volume={5},
  pages={361--397},
  year={2004},
  publisher={JMLR. org}
}

@inproceedings{saraclar2004,
author = {Saraclar, Murat and Sproat, Richard W.},
	booktitle={HLT-NAACL},
    title = {{Lattice-Based Search For Spoken Utterance Retrieval}},
	year = {2004}
}

@article{rand1971,
author = { William M. Rand },
title = {{Objective Criteria for the Evaluation of Clustering Methods}},
journal = {Journal of the American Statistical Association},
volume = {66},
number = {336},
pages = {846-850},
year = {1971}
}


@inproceedings{yao2009efficient,
  title={{Efficient Methods for Topic Model Inference on Streaming Document Collections}},
  author={Yao, Limin and Mimno, David and McCallum, Andrew},
  booktitle={Proceedings of the 15th ACM SIGKDD international conference on Knowledge discovery and data mining},
  pages={937--946},
  year={2009},
  organization={ACM}
}

@inproceedings{zhai2012mr,
  title={{Mr. LDA: A Flexible Large Scale Topic Modeling Package using Variational Inference in MapReduce}},
  author={Zhai, Ke and Boyd-Graber, Jordan and Asadi, Nima and Alkhouja, Mohamad L},
  booktitle={Proceedings of the 21st international conference on World Wide Web},
  pages={879--888},
  year={2012},
  organization={ACM}
}

@article{noyer1998vietnamese,
  title={{Vietnamese 'Morphology' and the Definition of Word}},
  author={Noyer, Rolf},
  journal={University of Pennsylvania Working Papers in Linguistics},
  volume={5},
  number={2},
  pages={5},
  year={1998}
}

@inproceedings{mengusoglu2001,
  title={{Turkish LVCSR: Database Preparation and Language Modeling for an Aglutinative Language}},
  author={Mengusoglu, Erhan and Deroo, Olivier},
  booktitle={Proc. of IEEE  International Conference on Acoustics, Speech, and Signal Processing (ICASSP) },
  volume={6},
  pages={4018--4018},
  year={2001},
  organization={IEEE; 1999}
}


@article{mohri2002weighted,
  title={{Weighted Finite-state transducers in Speech Recognition}},
  author={Mohri, Mehryar and Pereira, Fernando and Riley, Michael},
  journal={Computer Speech \& Language},
  volume={16},
  number={1},
  pages={69--88},
  year={2002},
  publisher={Elsevier}
}

@inproceedings{caseiro2002,
  title={{Using Dynamic WFST Composition for Recognizing Broadcast News}},
  author={Caseiro, Diamantino and Trancoso, Isabel},
  booktitle={Proc. of Interspeech},
  year={2002},
  organization={Citeseer}
}

@inproceedings{allauzen2009,
  title={{A Generalized Composition Algorithm for Weighted Finite-state Transducers}},
  author={Allauzen, Cyril and Riley, Michael and Schalkwyk, Johan},
  booktitle={Proc. of Interspeech},
  pages={1203--1206},
  year={2009}
}

% AMI meeting corpus WER of 29.1%
@inproceedings{zhang2014semi,
  title={{Semi-supervised DNN Training in Meeting Recognition}},
  author={Zhang, Pengyuan and Liu, Yulan and Hain, Thomas},
  booktitle={Proc. of IEEE Spoken Language Technology Workshop (SLT)},
  pages={141--146},
  year={2014},
  organization={IEEE}
}

% google i-vec DNN, 10-14% WER, voice search corpus	
@inproceedings{senior2014improving,
  title={{Improving DNN Speaker Independence with i-vector Inputs}},
  author={Senior, Andrew and Lopez-Moreno, Ignacio},
    booktitle={Proc. of IEEE  International Conference on Acoustics, Speech, and Signal Processing (ICASSP) },

  year={2014}
}

%42.7
@inproceedings{liao2013large,
  title={{Large Scale Deep Neural Network Acoustic Mmodeling with Semi-supervised Training Data for YouTube Video Transcription}},
  author={Liao, Haitao and McDermott, Erik and Senior, Alan},
  booktitle={Proc. of IEEE Workshop on Automatic Speech Recognition and Understanding (ASRU)},
  pages={368--373},
  year={2013},
  organization={IEEE}
}

@inproceedings{rosenberg2007,
 title={{V-Measure: A Conditional Entropy-based External Cluster Evaluation Measure}},
author={Rosenberg, Andrew and Hirschberg, Julia},
 booktitle={Proc. of the 2007 EMNLP-CoNLL Joint Conference},
 year={2007}

}

@techreport{cluto,
  title={{CLUTO - a Clustering Toolkit}},
  author={Karypis, George},
  year={2002},
  institution={DTIC Document}
}

@article{juang1992,
  title={Discriminative Learning for Minimum Error Classification},
  author={Juang, B-H and Katagiri, Shigeru},
  journal={IEEE Transactions on Signal Processing},
  volume={40},
  number={12},
  pages={3043--3054},
  year={1992},
  publisher={IEEE}
}

@InProceedings{openfst,
 author =       {Cyril Allauzen and Michael Riley and Johan  Schalkwyk and Wojciech Skut and Mehryar Mohri},
 title =        {{OpenFst: A General and Efficient Weighted Finite-State Transducer Library}},
 booktitle = {Proceedings of the Ninth International Conference on Implementation and Application of Automata, (CIAA 2007)},
 pages =        {11-23},
 year =         {2007},
 volume =       {4783},
 series =       {Lecture Notes in Computer Science},
 publisher = {Springer},
 note =         {{\tt http://www.openfst.org}}
}

@article{chemudugunta2007modeling,
  title={{Modeling General and Specific Aspects of Documents with a Probabilistic Topic Model}},
  author={Chemudugunta, Chaitanya and Steyvers, Padhraic Smyth Mark},
  journal={Advances in Neural Information Processing Systems (NIPS)},
  volume={19},
  pages={241},
  year={2007}
}



@inproceedings{chelba1997,
  title={{Structure and Performance of a Dependency Language Model}},
  author={Chelba, Ciprian and Engle, David and Jelinek, Frederick and Jimenez, Victor and Khudanpur, Sanjeev and Mangu, Lidia and Printz, Harry and Ristad, Eric and Rosenfeld, Ronald and Stolcke, Andreas and others},
  booktitle={EUROSPEECH},
  year={1997},
  organization={Citeseer}
}

@article{gildea1999,
  title={{Topic-based Language Models using EM}},
  author={Gildea, Daniel and Hofmann, Thomas},
  journal={History},
  volume={11111},
  number={11111},
  year={1999}
}


@inproceedings{mikolov2010,
  title={{Recurrent Neural Network Based Language Model}},
  author={Mikolov, Tomas and Karafi{\'a}t, Martin and Burget, Lukas and Cernock{\`y}, Jan and Khudanpur, Sanjeev},
  booktitle={{Proc. of Interspeech}},
  publisher={ICSA},
  year={2010}
}


@inproceedings{sundermeyer2012,
  title={{LSTM Neural Networks for Language Modeling}},
  author={Sundermeyer, Martin and Schl{\"u}ter, Ralf and Ney, Hermann},
  booktitle={Proc. of Interspech},
  year={2012}
}


@inproceedings{sundermeyer2013,
  title={Comparison of Feedforward and Recurrent Neural Network Language models},
  author={Sundermeyer, Martin and Oparin, Ilya and Gauvain, Jean-Luc and Freiberg, Ben and Schluter, Ralf and Ney, Hermann},
  booktitle={Proc. of IEEE  International Conference on Acoustics, Speech, and Signal Processing (ICASSP)},
  year={2013}
}

@inproceedings{singh2007trigger,
  title={Trigger-based language modeling using a loss-sensitive perceptron algorithm},
  author={Singh-Miller, Natasha and Collins, Christopher M},
  booktitle={Proc. of IEEE  International Conference on Acoustics, Speech, and Signal Processing (ICASSP)},
  year={2007}
}

@inproceedings{roark2004discriminative,
  title={{Discriminative Language Modeling with Conditional Random Fields and the Perceptron Algorithm}},
  author={Roark, Brian and Saraclar, Murat and Collins, Michael and Johnson, Mark},
  booktitle={Proceedings of the 42nd Annual Meeting on Association for Computational Linguistics},
  pages={47},
  year={2004},
  organization={Association for Computational Linguistics}
}


@inproceedings {povey2012,
author={Povey, Daniel and others},
booktitle={Proc. of IEEE  International Conference on Acoustics, Speech, and Signal Processing (ICASSP)},
title= {Generating Exact Lattices in the WFST Framework},
year= {2012},
}

@article{bellegarda2004,
  title={{Statistical Language Model Adaptation: Review and Perspectives}},
  author={Bellegarda, Jerome R},
  journal={Speech Communication},
  volume={42},
  number={1},
  pages={93--108},
  year={2004},
}

@inproceedings{hsu2007gen,
  title={{Generalized Linear Interpolation of Language Models}},
  author={Hsu, Bo-June},
  booktitle={Proc. of IEEE Workshop on Automatic Speech Recognition and Understanding (ASRU)},
  pages={136--140},
  year={2007},
  organization={IEEE}
}

@inproceedings{allauzen2003lm,
  title={{Generalized Algorithms for Constructing Statistical Language Models}},
  author={Allauzen, Cyril and Mohri, Mehryar and Roark, Brian},
  booktitle={Proceedings of the 41st Annual Meeting on Association for Computational Linguistics-Volume 1},
  pages={40--47},
  year={2003},
  organization={Association for Computational Linguistics}
}

@inproceedings{miller2007rapid,
  title={{Rapid and Accurate Spoken Term Detection}},
  author={Miller, David and others},
  booktitle={Proc. of Interspeech},
  year={2007}
}

@inproceedings{beeferman1997,
  title={{A Model of Lexical Attraction and Repulsion}},
  author={Beeferman, Doug and Berger, Adam and Lafferty, John},
  booktitle={Proc. of EACL},
  pages={373--380},
  year={1997},
  organization={Association for Computational Linguistics}
}

@article{beeferman1999,
  title={{Statistical Models for Text Segmentation}},
  author={Beeferman, Doug and Berger, Adam and Lafferty, John},
  journal={Machine Learning},
  volume={34},
  number={1-3},
  pages={177--210},
  year={1999}
}